@article{bib:hmmbaum,
	author={Baum, E. Leonard and Petrie, Ted},
	title={Statistical Inference for Probabilistic Functions of Finite State Markov Chains},
	journal={The Annals of Mathematical Statistics},
	volume={Vol. 37, No. 6},
	year={1966},
	pages={1554--1563},
}

@article{bib:Ebner_Werling
	author={Ebner, Simon and Werling, Volker}
}

@incollection{bib:Lick_Symbiosis,
  AUTHOR = {J. C. R. Licklider},
  TITLE = {Man-Computer Symbiosis},
  YEAR = 1968,
  BOOKTITLE = {Conversational Computers},
  EDITOR = {W. D. Orr},
  PUBLISHER = {Wiley},
  ADDRESS = {New York},
  PAGES = {3-5},
  KEYWORDS = {}
}

@inproceedings{bib:Lick_Online,
 author = {Licklider, J. C. R. and Clark, Welden E.},
 title = {On-line man-computer communication},
 booktitle = {Proceedings of the May 1-3, 1962, spring joint computer conference},
 series = {AIEE-IRE '62 (Spring)},
 year = {1962},
 location = {San Francisco, California},
 pages = {113--128},
 numpages = {16},
 url = {http://doi.acm.org/10.1145/1460833.1460847},
 doi = {10.1145/1460833.1460847},
 acmid = {1460847},
 publisher = {ACM},
 address = {New York, NY, USA},
}

@article{bib:Raskin,
 author = {Raskin, Jef},
 title = {Viewpoint: Intuitive equals familiar},
 journal = {Commun. ACM},
 issue_date = {Sept. 1994},
 volume = {37},
 number = {9},
 month = sep,
 year = {1994},
 issn = {0001-0782},
 pages = {17--18},
 numpages = {2},
 url = {http://doi.acm.org/10.1145/182987.584629},
 doi = {10.1145/182987.584629},
 acmid = {584629},
 publisher = {ACM},
 address = {New York, NY, USA},
}

@Article{bib:Chahar,
  title="An Analytical Study on HCI",
  author="Vikas Chahar",
  journal="International Journal of Computer Science and Management Studies",
  volume="12",
  number="01",
  pages="251-254",
  year="2012",
  abstract="In this paper we will discuss man–machine interaction (MMI) or computer–human interaction (CHI), methodology used for HCI, and design principal. Humancomputer interaction is a discipline  concerned with the design, evaluation and implementation of interactive computing systems for human use and with the study ofmajor phenomena surrounding them.",
}

@book{bib:Feathers
 author = {Feathers, Michael},
 title = {Working Effectively with Legacy Code},
 year = {2004},
 isbn = {0131177052},
 publisher = {Prentice Hall PTR},
 address = {Upper Saddle River, NJ, USA},
}

@book{bib:morrison2010,
  title={Flow-Based Programming, 2nd Edition: A New Approach to Application Development},
  author={Morrison, J.P.},
  isbn={9781451542325},
  url={http://books.google.de/books?id=R06TSQAACAAJ},
  year={2010},
  publisher={CreateSpace}
}


@article{bib:Morrison78,
  author    = {J. Paul Morrison},
  title     = {Data Stream Linkage Mechanism},
  journal   = {IBM Systems Journal},
  volume    = {17},
  number    = {4},
  year      = {1978},
  pages     = {383-408},
  ee        = {http://dx.doi.org/10.1147/sj.174.0383},
  bibsource = {DBLP, http://dblp.uni-trier.de}
}

@article{bib:hmmrabiner,
    author = {Lawrence R. Rabiner},
    title = {A tutorial on hidden markov models and selected applications in speech recognition},
    journal = {Proceedings of the IEEE},
    volume={Vol. 77, No. 2},
    year = {1989},
    pages = {257--286}
}

@inproceedings{bib:Mulder,
	author={Mulder, Axel},
	title={Hand Gestures for HCI, Research on human movement behaviour reviewed in the context of hand centred input},
	booktitle={Hand Centered Studies of Human Movement Project},
	publisher={ School of Kinesiology, Simon Fraser University},
	year={1996}
}

@INPROCEEDINGS{bib:archer,
	author={Archer, D and Akert, R. M.},
	title={Problems of context and criterion in nonverbal communication: A new look at the accuracy issue},
	booktitle={Issues in person perception},
	pages={114--144},
	adress={Methuen, New york},
	year={1984}
}

@inproceedings{bib:cadoz,
	author={Cadoz, C},
	title={Le geste, canal de communication homme/machine: la communication instrumentale},
	booktitle={Technique et Science de l'Information},
	year={1994},
	pages={31--61},
	volume={13},
	number={1}
}

@INPROCEEDINGS{bib:kurtenbach,
	author={Kurtenbach, G. and Hulteen, E. A.},
	title={Gestures in Human-Computer Communication},
	booktitle={The Art of Human-Computer Interface Design},
	publisher={Addison-Wesley Publishing Co.},
	year={1990},
	month={May}
}

@article{bib:sell,
	author = {Baum, Leonard E. and Sell, George R.},
	title = {Growth transformations for functions on manifolds},
	publisher = {Source: Pacific J. Math.},
	volume = {vol. 27},
	number = {2},
	pages = {211--227},
	year = {1968}
}

@article{bib:jelinek,
  title={Continuous speech recognition by statistical methods},
  author={Jelinek, F.},
  journal={Proceedings of the IEEE},
  volume={64},
  number={4},
  pages={532--556},
  year={1976},
  publisher={IEEE}
}

@article{bib:bakis,
  title={Continuous speech recognition via centisecond acoustic states},
  author={Bakis, R.},
  journal={The Journal of the Acoustical Society of America},
  volume={59},
  number={S1},
  pages={S97--S97},
  year={1976},
  publisher={Acoustical Society of America}
}

@article{bib:baudel,
  title={Charade: remote control of objects using free-hand gestures},
  author={Baudel, T. and Beaudouin-Lafon, M.},
  journal={Communications of the ACM},
  volume={36},
  number={7},
  pages={28--35},
  year={1993},
  publisher={ACM}
}


@book{bib:rime,
  title={Gesture and speech.},
  author={Rim{\'e}, B. and Schiaratura, L.},
  year={1991},
  publisher={New York, NY, US: Cambridge University Press; Paris, France: Editions de la Maison des Sciences de l'Homme}
}

@article{bib:baumWelch,
	author={Welch, Lloyd R.},
	title={Hidden Markov Models and the Baum–Welch Algorithm},
	journal={IEEE Information Theory Society Newsletter},
	year={2003},
	month={Dec.}
}

@article{bib:baumFellow,
  title={A maximization technique occurring in the statistical analysis of probabilistic functions of Markov chains},
  author={Baum, L.E. and Petrie, T. and Soules, G. and Weiss, N.},
  journal={The annals of mathematical statistics},
  pages={164--171},
  year={1970},
  publisher={JSTOR}
}

@article{bib:forney,
  title={The viterbi algorithm},
  author={Forney Jr, G.D.},
  journal={Proceedings of the IEEE},
  volume={61},
  number={3},
  pages={268--278},
  year={1973},
  publisher={IEEE}
}

@ARTICLE{bib:viterbi,
author={Viterbi, A.},
journal={Information Theory, IEEE Transactions on}, title={Error bounds for convolutional codes and an asymptotically optimum decoding algorithm},
year={1967},
month={april },
volume={13},
number={2},
pages={260 -269},
keywords={Convolutional codes;},
doi={10.1109/TIT.1967.1054010},
ISSN={0018-9448},}

@article{bib:baum,
	author = {Baum, L.E. and Egon, J.A.},
	title = {An Inequality with Applications to Statistical Estimation for Probabilistic Functions of a Markov Process and to a Model for Ecology},
	publisher = {Bull. Amer. Meteorology Soc.},
	volume = {vol. 73},
	pages = {360--363},
	year = {1967}
}

@proceedings{conference:humanoids,
	title = {2012 12th IEEE-RAS International Conference on Humanoid Robots (Humanoids 2012)},
	year = {2012}
}

@inproceedings{bib:kober,
	author = {Kober, Jens; Glisson, Matthew and Mistry, Michael},
	title = {Playing Catch and Juggling with a Humanoid Robot},
	crossref = {conference:humanoids},
	numpages = {7},
	year = {2012},
	adress = {Osaka, Japan}
}

@INPROCEEDINGS{bib:takahashi,
author={Nishimura, T. and Oka, R.},
booktitle={Automatic Face and Gesture Recognition, 1996., Proceedings of the Second International Conference on}, title={Spotting recognition of human gestures from time-varying images},
year={1996},
month={oct},
volume={},
number={},
pages={318--322},
keywords={Animation;Feature extraction;Hidden Markov models;Humans;Image recognition;Image segmentation;Pixel;Robustness;Speech recognition;User interfaces;computer vision;dynamic programming;feature extraction;image recognition;motion estimation;user interfaces;feature extraction method;frame image;human gesture recognition;image motion;nonmonotonic continuous dynamic programming;partial motion;pixels;reverse motions;robust characteristics;spotting method;spotting recognition;stop motion;time-varying images;},
doi={10.1109/AFGR.1996.557284},
ISSN={},}

@article{bib:beale,
	author = {Beale, Russel and Edwards, Alistair D. N.},
	title = {Gestures and neural networks in human-computer interaction},
	year = {1990},
	journal = {IEE Colloquium on Neural nets in human-computer interaction},
	pages = {5/1-5/4},
	adress = { London, England}
}

@article{bib:vaananen,
  title={Gesture driven interaction as a human factor in virtual environments-an approach with neural networks},
  author={Vaananen, K. and Bohm, K.},
  journal={Virtual reality systems},
  pages={93--106},
  year={1993},
  publisher={Academic Press, Ltd., London, UK}
}

@article{bib:finlay,
 author = {Finlay, Janet and Beale, Russell},
 title = {Neural networks and pattern recognition in human-computer interaction},
 journal = {SIGCHI Bull.},
 issue_date = {April 1993},
 volume = {25},
 number = {2},
 month = apr,
 year = {1993},
 issn = {0736-6906},
 pages = {25--35},
 numpages = {11},
 url = {http://doi.acm.org/10.1145/155804.155813},
 doi = {10.1145/155804.155813},
 acmid = {155813},
 publisher = {ACM},
 address = {New York, NY, USA},
} 

@article{bib:hmmkobayashi,
	author={Kobayashi, T. and Haruyama, S.},
	title={Partly Hidden Markov Model and its Application to Gesture Recognition},
	journal={IEEE Proc. ICASSP97},
	volume={Vol.VI},
	year={1997},
	pages={3081--3084}
}

@article{bib:hmmlee,
	author={Lee, Hyeon-Kyu and Kim, Jin H.},
	title={An HMM-Based Threshold Model Approach for Gesture Recognition},
	journal={IEEE Trans. Pattern Anal. Mach. Intell.},
	volume={21},
	number={10},
	year={1999},
	pages={961--973}
}

@article{bib:neuralnetwork,
	author={Zhu, Chun and Sheng, Weihua},
	title={Online hand gesture recognition using neural network based segmentation},
	journal={Intelligent Robots and Systems, 2009. IROS 2009. IEEE/RSJ International Conference on},
	year={2009},
	volume={1},
	pages={2415--2420}
}

@InCollection{bib:markovchain,
	author={DrakeA. W.},
	title={Discrete-state Markov processes},
	booktitle={Fundamentals ofApplied Probability Theory},
	publisher={McGraw-Hill},
	year={1967},
	editor={New York}
}

@manual{bib:agreement,
	author={MASTERDATA and TTK},
	title={ТТК паспорт отчёта Статистика по программе лояльности за период v1 3},
	edition={3},
	year={2012}
}

@manual{bib:modelvisio,
	author={Andrey Dubovoy},
	title={BW Loaylity TTK Report2},
	organization={MASTERDATA},
	edition={2},
	year={2012}
}

@manual{bib:xeroxdoc,
	author={Xerox and MASTERDATA},
	title={XEROX\_XIC\_Blueprint\_BW\_IMPLEMENT},
	edition={5},
	year={2011}
} 

@manual{bib:xeroxvisio,
	author={Xerox and MASTERDATA},
	title={BW\_Tech\_20101004\_FINAL\_IMPLEMENT},
	edition={4},
	year={2012}
}

@manual{bib:loymodel,
	author={MASTERDATA},
	title={public\_loyalty\_v\_3},
	edition={3},
	year={2012}
}

@book{bib:kinect_hig,
	editor={Microsoft Corp.},
	title={HUMAN INTERFACE GUIDELINES},
	publisher={Microsoft Corp.},
	volume={v1.5.0},
	year={2012},
}

@book{bib:bw310,
	editor={SAP AG},
	title={BW310 Data Warehousing SAP NetWeaver Participant Handbook},
	publisher={SAP AG},
	volume={2},
	year={2006}
}