@manual{bib:agreement,
	author={MASTERDATA and TTK},
	title={ТТК паспорт отчёта Статистика по программе лояльности за период v1 3},
	edition={3},
	year={2012}
}

@manual{bib:modelvisio,
	author={Andrey Dubovoy},
	title={BW Loaylity TTK Report2},
	organization={MASTERDATA},
	edition={2},
	year={2012}
}

@manual{bib:xeroxdoc,
	author={Xerox and MASTERDATA},
	title={XEROX\_XIC\_Blueprint\_BW\_IMPLEMENT},
	edition={5},
	year={2011}
} 

@manual{bib:xeroxvisio,
	author={Xerox and MASTERDATA},
	title={BW\_Tech\_20101004\_FINAL\_IMPLEMENT},
	edition={4},
	year={2012}
}

@manual{bib:loymodel,
	author={MASTERDATA},
	title={public\_loyalty\_v\_3},
	edition={3},
	year={2012}
}

@book{bib:kinect_hig,
	editor={Microsoft Corp.},
	title={HUMAN INTERFACE GUIDELINES},
	publisher={Microsoft Corp.},
	volume={v1.5.0},
	year={2012},
}

@book{bib:bw310,
	editor={SAP AG},
	title={BW310 Data Warehousing SAP NetWeaver Participant Handbook},
	publisher={SAP AG},
	volume={2},
	year={2006}
}